<?xml version="1.0" encoding="UTF-8"?><record xmlns="http://www.loc.gov/MARC21/slim" xmlns:cinclude="http://apache.org/cocoon/include/1.0" xmlns:zs="http://www.loc.gov/zing/srw/">
  <leader>00607cz  a2200157n  4500</leader>
  <controlfield tag="001">n  84801681 </controlfield>
  <controlfield tag="003">DLC</controlfield>
  <controlfield tag="005">20081210081306.0</controlfield>
  <controlfield tag="008">840530n| acannaabn          |a aaa     c</controlfield>
  <datafield tag="010" ind1=" " ind2=" ">
    <subfield code="a">n  84801681 </subfield>
  </datafield>
  <datafield tag="035" ind1=" " ind2=" ">
    <subfield code="a">(OCoLC)oca01101547</subfield>
  </datafield>
  <datafield tag="040" ind1=" " ind2=" ">
    <subfield code="a">ICU</subfield>
    <subfield code="b">eng</subfield>
    <subfield code="c">ICU</subfield>
    <subfield code="d">DLC</subfield>
    <subfield code="d">OCoLC</subfield>
  </datafield>
  <datafield tag="100" ind1="1" ind2=" ">
    <subfield code="a">Landau, Edmund,</subfield>
    <subfield code="d">1877-1938</subfield>
  </datafield>
  <datafield tag="400" ind1="1" ind2=" ">
    <subfield code="w">nna</subfield>
    <subfield code="a">Landau, Edmund Georg Hermann,</subfield>
    <subfield code="d">1877-1938</subfield>
  </datafield>
  <datafield tag="670" ind1=" " ind2=" ">
    <subfield code="a">LCCN 63-45377: His AusgewaĚhlte Abhandlungen zur Gitterpunktlehre, 1962</subfield>
    <subfield code="b">(hdg.: Landau, Edmund Georg Hermann, 1877-1938)</subfield>
  </datafield>
  <datafield tag="670" ind1=" " ind2=" ">
    <subfield code="a">LC data base, 5-22-84</subfield>
    <subfield code="b">(hdg.: Landau, Edmund Georg Hermann, 1877-1938; usage: Edmund Landau)</subfield>
  </datafield>
</record>